<record><leader>01853cam a2200421 a 4500</leader><controlfield tag="001">1306144</controlfield><controlfield tag="008">900801t19851983nyu      bd       0 eng d</controlfield><datafield ind1=" " ind2=" " tag="010"><subfield code="a">   85000264</subfield></datafield><datafield ind1=" " ind2=" " tag="020"><subfield code="a">0195204697 (pbk.)</subfield></datafield><datafield ind1=" " ind2=" " tag="035"><subfield code="a">ocm11623270</subfield></datafield><datafield ind1=" " ind2=" " tag="040"><subfield code="a">DLC</subfield><subfield code="b">eng</subfield><subfield code="c">DLC</subfield></datafield><datafield ind1=" " ind2=" " tag="049"><subfield code="a">AEU</subfield><subfield code="b">eng</subfield></datafield><datafield ind1="0" ind2="0" tag="050"><subfield code="a">PE1580</subfield><subfield code="b">.W58 1985</subfield></datafield><datafield ind1="0" ind2=" " tag="082"><subfield code="a">422</subfield><subfield code="2">19</subfield></datafield><datafield ind1=" " ind2=" " tag="090"><subfield code="a">PE 1580 W58 1985</subfield><subfield code="b">ACAL</subfield></datafield><datafield ind1="0" ind2=" " tag="090"><subfield code="a">PE 1580 W73 1985</subfield><subfield code="b">AEU</subfield></datafield><datafield ind1=" " ind2=" " tag="090"><subfield code="a">PE 1580 .W58 1985</subfield><subfield code="b">AEGMCT</subfield></datafield><datafield ind1="1" ind2=" " tag="100"><subfield code="a">Williams, Raymond.</subfield></datafield><datafield ind1="1" ind2="0" tag="245"><subfield code="a">Keywords :</subfield><subfield code="b">a vocabulary of culture and society /</subfield><subfield code="c">Raymond Williams.</subfield></datafield><datafield ind1=" " ind2=" " tag="250"><subfield code="a">Rev. ed.</subfield></datafield><datafield ind1=" " ind2=" " tag="260"><subfield code="a">New York :</subfield><subfield code="b">Oxford University Press,</subfield><subfield code="c">1985, c1983.</subfield></datafield><datafield ind1=" " ind2=" " tag="300"><subfield code="a">349 p. ;</subfield><subfield code="c">21 cm.</subfield></datafield><datafield ind1=" " ind2=" " tag="336"><subfield code="a">text</subfield><subfield code="b">txt</subfield><subfield code="2">rdacontent</subfield></datafield><datafield ind1=" " ind2=" " tag="337"><subfield code="a">unmediated</subfield><subfield code="b">n</subfield><subfield code="2">rdamedia</subfield></datafield><datafield ind1=" " ind2=" " tag="338"><subfield code="a">volume</subfield><subfield code="b">nc</subfield><subfield code="2">rdacarrier</subfield></datafield><datafield ind1=" " ind2=" " tag="500"><subfield code="a">Pages [343]-349 blank for notes.</subfield></datafield><datafield ind1=" " ind2=" " tag="504"><subfield code="a">Bibliography: p. [339]-341.</subfield></datafield><datafield ind1=" " ind2=" " tag="596"><subfield code="a">16 29 43</subfield></datafield><datafield ind1="0" ind2="0" tag="630"><subfield code="a">Chinese research perspectives.</subfield><subfield code="p">Society</subfield><subfield code="v">Terminology.</subfield></datafield><datafield ind1=" " ind2="0" tag="650"><subfield code="a">English language</subfield><subfield code="x">Etymology.</subfield></datafield><datafield ind1=" " ind2="0" tag="650"><subfield code="a">English language</subfield><subfield code="v">Glossaries, vocabularies, etc.</subfield></datafield><datafield ind1=" " ind2="0" tag="650"><subfield code="a">Sociolinguistics.</subfield></datafield><datafield ind1=" " ind2="0" tag="650"><subfield code="a">Culture</subfield><subfield code="v">Terminology.</subfield></datafield><datafield ind1="4" ind2="2" tag="856"><subfield code="3">Publisher description</subfield><subfield code="u">http://www.loc.gov/catdir/enhancements/fy0603/85000264-d.html</subfield></datafield><datafield ind1=" " ind2=" " tag="926"><subfield code="a">PE 1580 W73 1985</subfield><subfield code="w">LC</subfield><subfield code="c">2</subfield><subfield code="i">0162005433865</subfield><subfield code="d">9/8/2016</subfield><subfield code="e">7/16/2016</subfield><subfield code="k">RESERVES</subfield><subfield code="l">ON_SHELF</subfield><subfield code="m">UAHSS</subfield><subfield code="n">133</subfield><subfield code="p">$150.00</subfield><subfield code="r">Y</subfield><subfield code="s">Y</subfield><subfield code="t">SHORT_LOAN</subfield><subfield code="u">2/15/1991</subfield></datafield><datafield ind1=" " ind2=" " tag="926"><subfield code="a">PE 1580 W73 1985</subfield><subfield code="w">LC</subfield><subfield code="c">3</subfield><subfield code="i">0162015602111</subfield><subfield code="d">1/30/2017</subfield><subfield code="e">1/30/2017</subfield><subfield code="k">CHECKEDOUT</subfield><subfield code="l">ON_SHELF</subfield><subfield code="m">UAHSS</subfield><subfield code="n">132</subfield><subfield code="p">$150.00</subfield><subfield code="r">M</subfield><subfield code="s">Y</subfield><subfield code="t">BOOK</subfield><subfield code="u">2/15/1991</subfield></datafield><datafield ind1=" " ind2=" " tag="926"><subfield code="a">PE 1580 W58 1985</subfield><subfield code="w">LC</subfield><subfield code="c">1</subfield><subfield code="i">11910000121043</subfield><subfield code="d">1/7/2004</subfield><subfield code="e">1/7/2004</subfield><subfield code="l">REFERENCE</subfield><subfield code="m">UAAUG</subfield><subfield code="n">1</subfield><subfield code="p">$150.00</subfield><subfield code="r">Y</subfield><subfield code="s">Y</subfield><subfield code="t">NO_LOAN</subfield><subfield code="u">10/26/1994</subfield></datafield><datafield ind1=" " ind2=" " tag="926"><subfield code="a">PE 1580 .W58 1985</subfield><subfield code="w">LC</subfield><subfield code="c">1</subfield><subfield code="i">1004833834</subfield><subfield code="d">8/29/2016</subfield><subfield code="e">8/16/2016</subfield><subfield code="l">ON_SHELF</subfield><subfield code="m">GR_MACEWAN</subfield><subfield code="n">23</subfield><subfield code="p">$25.28</subfield><subfield code="q">2</subfield><subfield code="r">Y</subfield><subfield code="s">Y</subfield><subfield code="t">BOOK</subfield><subfield code="u">2/26/2007</subfield><subfield code="o">.STAFF. SOURCE:  Midwest Library Service</subfield></datafield></record>